@book{IEEE-1363,
  author =       {{IEEE Std 1363-2000}},
  title =        {{IEEE} Standard Specifications for Public-Key Cryptography},
  address =      {New York},
  publisher =    {IEEE},
  year =         2000
}

@inproceedings{kocher99,
  author =       {C. Kocher and J. Jaffe and B. Jun},
  title =        {Differential Power Analysis},
  editor =       {M. Wiener},
  booktitle =    {Advances in Cryptology ({CRYPTO}~'99)},
  series =       {Lecture Notes in Computer Science},
  volume =       1666,
  pages =        {388-397},
  publisher =    {Springer-Verlag},
  address   =    {Germany},
  month =        {August},
  year =         1999
}

@incollection{Krasnogor2004e,
  author =       {N. Krasnogor},
  title =        {Towards robust memetic algorithms},
  booktitle =    {Recent Advances in Memetic Algorithms},
  publisher =    {Springer Berlin Heidelberg},
  year =         2004,
  pages =        {185-207},
  editor =       {W.E. Hart and N. Krasnogor and J.E. Smith},
  volume =       166,
  series =       {Studies in Fuzziness and Soft Computing},
  address =      {New York},
}

@incollection{zjsw,
  author =       {班固},
  title =        {苏武传},
  booktitle =    {传记散文英华},
  publisher =    {湖北人民出版社},
  year =         1998,
  pages =        {65-69},
  editor =       {郑在瀛 and 汪超宏 and 周文复},
  volume =       2,
  series =       {新古文观止丛书},
  address =      {武汉},
}

@inbook{clzs,
  author =       {阎真},
  title =        {沧浪之水},
  chapter =      {大人物还是讲人情的},
  pages =        {185-207},
  publisher =    {人民文学出版社},
  address =      {北京},
  year =         2001,
}

@book{tex,
  author =       "Donald E. Knuth",
  title =        "The {\TeX} Book",
  publisher =    "Addison-Wesley Publishing Company",
  address =      "Reading, MA",
  year =         1989,
  edition =      "15th",
}

@book{companion,
  author =       "Michel Goosens and Frank Mittelbach and Alexander Samarin",
  title =        "The {\LaTeX} Companion",
  publisher =    "Addison-Wesley Publishing Company",
  address =      "Reading, MA",
  PAGES =        "112--125",
  year =         1994,
}

@article{ELIDRISSI94,
  author =       "{Chafik El Idrissi}, M. and {Roney}, A. and {Frigon}, C. and
                  {Larzilli{\`e}re}, M.",
  title =        "Measurements of total kinetic-energy released to the {$N=2$}
                  dissociation limit of {H}$_2$ --- evidence of the dissociation
                  of very high vibrational {R}ydberg states of {H}$_2$ by
                  doubly-excited states",
  journal =      "Chemical Physics Letters",
  pages =        "260-266",
  volume =       224,
  number =       10,
  year =         1994,
}

@article{MELLINGER96,
  author =       "Mellinger, A. and Vidal, C. R. and Jungen, Ch.",
  title =        "Laser reduced fluorescence study of the carbon-monoxide nd
                  triplet {R}ydberg series-experimental results and multichannel
                  quantum-defect analysis",
  journal =      "J. Chem. Phys.",
  pages =        "8913-8921",
  volume =       104,
  number =       5,
  year =         1996,
}

@article{SHELL02,
  author =       "Michael Shell",
  title =        "How to Use the {IEEEtran \LaTeX} Class",
  journal =      "Journal of {\LaTeX} Class Files",
  year =         2002,
  volume =       12,
  number =       4,
  pages =        "100--120"
}

@TechReport{NPB2,
  title =        {The {NAS} Parallel Benchmarks 2.0},
  author =       {Alex Woo and David Bailey and Maurice Yarrow and Wijngaart
                  Wijngaart and Tim Harris and William Saphir},
  year =         1995,
  month =        dec # "~05",
  institution =  "The Pennsylvania State University CiteSeer Archives",
  url =          "http://www.nasa.org/"
}

@inproceedings{DPMG,
  author =       {Kim, Sangbum and Woo, Namyoon and Yeom, Heon Y. and Park,
                  Taesoon and Park, Hyoungwoo},
  title =        {Design and {I}mplementation of {D}ynamic {P}rocess
                  {M}anagement for {G}rid-enabled {MPICH}},
  booktitle =    {the 10th European PVM/MPI Users' Group Conference},
  editor =       {Jack Dongarra and Domenico Laforenza and Salvatore Orlando},
  publisher =    {Springer-Verlag},
  year =         2003,
  address =      {Venice, Italy},
  month =        sep,
}

@inproceedings{cnproceed,
  author =       {王重阳 and 黄药师 and 欧阳峰 and 洪七公 and 段皇帝},
  publisher =    {金大庸},
  title =        {武林高手从入门到精通},
  booktitle =    {第~$N$~次华山论剑},
  year =         2006,
  address =      {西安, 中国},
  month =        sep,
}

@article{cnarticle,
  author =       "贾宝玉 and 林黛玉 and 薛宝钗 and 贾探春",
  title =        "论刘姥姥食量大如牛之现实意义",
  journal =      "红楼梦杂谈",
  pages =        "260--266",
  volume =       224,
  year =         1800,
}

@mastersthesis{zhubajie,
  author =       {猪八戒},
  title =        {论流体食物的持久保存},
  school =       {广寒宫大学},
  year =         2005,
  address =      {北京},
}

@phdthesis{shaheshang,
  author =       {沙和尚},
  title =        {论流沙河的综合治理},
  school =       {清华大学},
  year =         2005,
  address =      {北京},
}

@mastersthesis{metamori2004,
  author =       {Ashwin Raju Jeyakumar},
  title =        {Metamori: A library for Incremental File Checkpointing},
  school =       {Virgina Tech},
  year =         2004,
  month =        jun # "~21",
  address =      {Blacksburg},
}

@mastersthesis{zhonganrun,
  author =       {Zhong Anrun},
  title =        {Research on Automatic Coupling for Earth System Models based on Coupling Description Language},
  school =       {Tsinghua University},
  year =         2019,
  month =        jun # "~1",
  address =      {Beijing},
}

@phdthesis{FistSystem01,
  author =       "Erez Zadok",
  title =        "{FiST: A System for Stackable File System Code Generation}",
  year =         2001,
  month =        "May",
  school =       "Computer Science Department, Columbia University",
  address =      "USA"
}

@inbook{ColdSources,
  author =       {P. Gr{\"o}ning and L. Nilsson and P. Ruffieux and R.
                  Clergereaux and O. Gr{\"o}ning},
  title =        {Encyclopedia of Nanoscience and Nanotechnology},
  pages =        {547--579},
  publisher =    {American Scientific Publishers},
  year =         2004,
  volume =       1,
  address =      {USA},
}

@online{chuban2001,
  author =      {萧钰},
  title =       {出版业信息化迈入快车道},
  date  =       {2001-12-19},
  urldate =     {2002-04-15},
  url =         {http://www.creader.com/news/200112190019.htm},
}

@online{oclc2000,
  author =      {{Online Computer Library Center, Inc.}},
  title =       {History of {OCLC}},
  year =        2000,
  urldate =     {2000-01-08},
  url =         {http://www.oclc.org/about/history/default.htm},
}


@online{thuthesis,
  author =      {薛瑞尼},
  title =       {ThuThesis: 清华大学学位论文模板},
  urldate =     {2019-04-27},
  url =         {https://github.com/xueruini/thuthesis},
  year =        2017,
}

@online{CESMwebsite,
  author = {NCAR},
  title = {COMMUNITY EARTH SYSTEM MODEL},
  urldate = {2019-01-15},
  url = {http://www.cesm.ucar.edu/},
  year = {2019},
}

@online{CAMdoc,
  author = {NCAR},
  title = {User's Guide to the Community Atmosphere Model CAM-5.3},
  urldate = {2015-05-08},
  url = {http://www.cesm.ucar.edu/models/cesm1.2/cam/docs/ug5_3/index.html},
  year = {2015},
}

@online{POP2doc,
  author = {R. Smith and P. Jones1 and B. Briegleb3 and F. Bryan2 and G. Danabasoglu2},
  title = {The Parallel Ocean Program (POP) Reference Manual},
  urldate = {2010-03-23},
  url = {http://www.cesm.ucar.edu/models/cesm1.2/pop2/doc/sci/POPRefManual.pdf},
  year = {2010},
}

@online{POP2faq,
  author = {NANCY J. NORTON and  SUSAN BATES and  MICHAEL LEVY and  GOKHAN DANABASOGLU and  NATIONAL CENTER FOR ATMOSPHERIC RESEARCH},
  title = {THE CESM1.2 POP2 FAQ},
  urldate = {2014-01-01},
  url = {http://www.cesm.ucar.edu/models/cesm1.2/pop2/doc/faq/},
  year = {2014},
}

@online{CLMdoc,
  author = {Erik Kluzek},
  title = {CESM Research Tools: CLM4.5 in CESM1.2.0 User's Guide Documentation},
  urldate = {2013-06-13},
  url = {http://www.cesm.ucar.edu/models/cesm1.2/clm/models/lnd/clm/doc/UsersGuide/book1.html},
  year = {2013},
}

@online{CLMtech,
  author = {Keith W. Oleson and David M. Lawrence},
  title = {Technical Description of version 4.5 of the Community Land Model (CLM)},
  urldate = {2013-01-15},
  url = {http://www.cesm.ucar.edu/models/cesm1.2/clm/CLM45_Tech_Note.pdf},
  year = {2013},
}

@online{CICEdoc,
  author = {David Bailey and Marika Holland and Elizabeth Hunke and Bill Lipscomb and Bruce Briegleb and Cecilia Bitz and Julie Schramm},
  title = {Community Ice CodE (CICE) User’s Guide Version 4.0},
  urldate = {2013-01-15},
  url = {http://www.cesm.ucar.edu/models/cesm1.2/cice/ice_usrdoc.pdf},
  year = {2013},
}

@online{CICEgithub,
  author =      {apcraig@github.com and duvivier@github.com and eclare108213@github.com and dabail10@github.com},
  title =       {Development repository for the CICE sea-ice model},
  urldate =     {2019-06-01},
  url =         {https://github.com/CICE-Consortium/CICE},
  year =        2019,
}

@online{RTMdoc,
  author = {Mariana Vertenstein},
  title = {River Transport Model (RTM) User's Guide},
  urldate = {2002-01-15},
  url = {http://www.cesm.ucar.edu/models/cesm1.2/rtm/doc/book1.html},
  year = 2002,
}

@online{OPENCESM,
  author = {J. E. Kay and C. Deser and A. Phillips and A. Mai},
  title = {THE COMMUNITY EARTH SYSTEM MODEL (CESM) LARGE ENSEMBLE PROJECT A Community Resource for Studying Climate Change in the Presence of Internal Climate},
  urldate = {2014-09-25},
  url = {https://journals.ametsoc.org/doi/10.1175/BAMS-D-13-00255.1},
  year = 2014,
}

@online{OPENCAM,
  author = {JULIO T. BACMEISTER and MICHAEL F. WEHNER and RICHARD B. NEALE and ANDREW GETTELMAN},
  title = {Exploratory High-Resolution Climate Simulations using the Community Atmosphere Model (CAM)},
  url = {https://journals.ametsoc.org/doi/10.1175/JCLI-D-13-00387.1},
  urldate = {2013-11-21},
  year = 2013,
}

@online{OPENMCT1,
  author = {Robert Jacob and Jay Larson and Everest Ong},
  title = {M × N COMMUNICATION AND PARALLEL INTERPOLATION IN COMMUNITY CLIMATE SYSTEM MODEL VERSION 3 USING THE MODEL COUPLING TOOLKIT},
  url = {http://journals.sagepub.com/doi/10.1177/1094342005056116},
  urldate = {2005-08-01},
  year = 2005,
}

@online{OPENMCT2,
  author = {Robert Jacob and Jay Larson and Everest Ong},
  title = {THE MODEL COUPLING TOOLKIT: A NEW FORTRAN90 TOOLKIT FOR BUILDING MULTIPHYSICS PARALLEL COUPLED MODELS},
  url = {https://www.mcs.anl.gov/research/projects/mct/mctP1208.pdf},
  urldate = {2004-12-15},
  year = 2004,
}

@online{CCSM,
  author = {Mariana Vertenstein and Tony Craig and Adrianne Middleton and Diane Feddema and Chris Fischer},
  title = {CCSM4.0 User's Guide},
  url = {http://www.cesm.ucar.edu/models/ccsm4.0/ccsm_doc/ug.pdf},
  year = 2016,
}

@online{NUOPC,
  author = {Content Standards Committee (CSC) Members},
  title = {National Unified Operational Prediction Capability},
  url = {http://www.earthsystemmodeling.org/esmf_releases/last_built/NUOPC_refdoc/},
  urldate = {2019-06-09},
  year = 2019,
}

@online{ESMF,
  author = {V. Balaji and Byron Boville and Samson Cheung and Tom Clune},
  title = {Earth System Modeling Framework ESMF User Guide Version 7.1.0r},
  url = {http://www.earthsystemmodeling.org/esmf_releases/public/last/ESMF_usrdoc/},
  urldate = {2018-03-08},
  year = 2018,
}